@inproceedings{rajeswaran2017towards,
	title={Towards generalization and simplicity in continuous control},
	author={Rajeswaran, Aravind and Lowrey, Kendall and Todorov, Emanuel V and Kakade, Sham M},
	booktitle={Advances in Neural Information Processing Systems},
	pages={6550--6561},
	year={2017}
}

@article{lagoudakis2003least,
	title={Least-squares policy iteration},
	author={Lagoudakis, Michail G and Parr, Ronald},
	journal={Journal of machine learning research},
	volume={4},
	number={Dec},
	pages={1107--1149},
	year={2003}
}

@inproceedings{rahimi2008random,
	title={Random features for large-scale kernel machines},
	author={Rahimi, Ali and Recht, Benjamin},
	booktitle={Advances in neural information processing systems},
	pages={1177--1184},
	year={2008}
}
@inproceedings{kunz2000introduction,
	title={An introduction to temporal difference learning},
	author={Kunz, Florian},
	booktitle={Seminar on Autonomous Learning Systems},
	year={2000}
}

@article{glimcher2011understanding,
	title={Understanding dopamine and reinforcement learning: the dopamine reward prediction error hypothesis},
	author={Glimcher, Paul W},
	journal={Proceedings of the National Academy of Sciences},
	volume={108},
	number={Supplement 3},
	pages={15647--15654},
	year={2011},
	publisher={National Acad Sciences}
}

@article{kober2013reinforcement,
	title={Reinforcement learning in robotics: A survey},
	author={Kober, Jens and Bagnell, J Andrew and Peters, Jan},
	journal={The International Journal of Robotics Research},
	volume={32},
	number={11},
	pages={1238--1274},
	year={2013},
	publisher={SAGE Publications Sage UK: London, England}
}

@article{kaelbling1996reinforcement,
	title={Reinforcement learning: A survey},
	author={Kaelbling, Leslie Pack and Littman, Michael L and Moore, Andrew W},
	journal={Journal of artificial intelligence research},
	volume={4},
	pages={237--285},
	year={1996}
}

@inproceedings{kolter2009regularization,
	title={Regularization and feature selection in least-squares temporal difference learning},
	author={Kolter, J Zico and Ng, Andrew Y},
	booktitle={Proceedings of the 26th annual international conference on machine learning},
	pages={521--528},
	year={2009},
	organization={ACM}
}

@article{petrik2010feature,
	title={Feature selection using regularization in approximate linear programs for Markov decision processes},
	author={Petrik, Marek and Taylor, Gavin and Parr, Ron and Zilberstein, Shlomo},
	journal={arXiv preprint arXiv:1005.1860},
	year={2010}
}

@article{ma2010convergence,
	title={Convergence analysis of on-policy LSPI for multi-dimensional continuous state and action-space MDPs and extension with orthogonal polynomial approximation},
	author={Ma, Jun and Powell, Warren B},
	journal={Submitted to SIAM Journal of Control and Optimization},
	year={2010}
}

@inproceedings{li2009online,
	title={Online exploration in least-squares policy iteration},
	author={Li, Lihong and Littman, Michael L and Mansley, Christopher R},
	booktitle={Proceedings of The 8th International Conference on Autonomous Agents and Multiagent Systems-Volume 2},
	pages={733--739},
	year={2009},
	organization={International Foundation for Autonomous Agents and Multiagent Systems}
}

@techreport{gordon1999approximate,
	title={Approximate solutions to Markov decision processes},
	author={Gordon, Geoffrey J},
	year={1999},
	institution={CARNEGIE-MELLON UNIV PITTSBURGH PA SCHOOL OF COMPUTER SCIENCE}
}
@book{puterman2014markov,
	title={Markov decision processes: discrete stochastic dynamic programming},
	author={Puterman, Martin L},
	year={2014},
	publisher={John Wiley \& Sons}
}

@inproceedings{boyan1999least,
	title={Least-squares temporal difference learning},
	author={Boyan, Justin A},
	booktitle={ICML},
	pages={49--56},
	year={1999}
}

@inproceedings{kroemer2011non,
	title={A non-parametric approach to dynamic programming},
	author={Kroemer, Oliver B and Peters, Jan R},
	booktitle={Advances in Neural Information Processing Systems},
	pages={1719--1727},
	year={2011}
}

@article{engel2004kernel,
	title={The kernel recursive least-squares algorithm},
	author={Engel, Yaakov and Mannor, Shie and Meir, Ron},
	journal={IEEE Transactions on signal processing},
	volume={52},
	number={8},
	pages={2275--2285},
	year={2004},
	publisher={IEEE}
}

@article{chen2013online,
	title={Online selective kernel-based temporal difference learning},
	author={Chen, Xingguo and Gao, Yang and Wang, Ruili},
	journal={IEEE transactions on neural networks and learning systems},
	volume={24},
	number={12},
	pages={1944--1956},
	year={2013},
	publisher={IEEE}
}

@article{vapnik1999overview,
	title={An overview of statistical learning theory},
	author={Vapnik, Vladimir N},
	journal={IEEE transactions on neural networks},
	volume={10},
	number={5},
	pages={988--999},
	year={1999},
	publisher={Citeseer}
}

@book{sutton1998introduction,
	title={Introduction to reinforcement learning},
	author={Sutton, Richard S and Barto, Andrew G and others},
	volume={135},
	year={1998},
	publisher={MIT press Cambridge}
}

@book{cristianini2000introduction,
	title={An introduction to support vector machines and other kernel-based learning methods},
	author={Cristianini, Nello and Shawe-Taylor, John and others},
	year={2000},
	publisher={Cambridge university press}
}

@article{xu2007kernel,
	title={Kernel-based least squares policy iteration for reinforcement learning},
	author={Xu, Xin and Hu, Dewen and Lu, Xicheng},
	journal={IEEE Transactions on Neural Networks},
	volume={18},
	number={4},
	pages={973--992},
	year={2007},
	publisher={IEEE}
}
